
@article{2,
    author = {M. V. B. Martinez},
    title = {Advances, Challenges, and Opportunities in Automatic
    Facial Expression Recognition},
    journal = {Advances in Face Detection
    and Facial Image Analysis},
    year = 2016
}
@article{3,
    author={Ian J. Goodfellow and Dumitru Erhan and Pierre Luc Carrier and Aaron Courville and Mehdi Mirza and Ben Hamner and Will Cukierski and Yichuan Tang and David Thaler and Dong-Hyun Lee and Yingbo Zhou and Chetan Ramaiah and Fangxiang Feng and Ruifan Li and Xiaojie Wang and Dimitris Athanasakis and John Shawe-Taylor and Maxim Milakov and John Park and Radu Ionescu and Marius Popescu and Cristian Grozea and James Bergstra and Jingjing Xie and Lukasz Romaszko and Bing Xu and Zhang Chuang and Yoshua Bengio},
    title = {Challenges in
    representation learning: A report on three machine learning contests},
    year = 2013
}
@article{paper,
    author = {S. Li and W. Deng},
    title = {Deep Facial Expression Recognition: A Survey},
    journal={IEEE Transactions on Affective Computing},
    year = 2020
}
@article{147,
    title={Facial Expression Recognition using Convolutional Neural Networks: State of the Art},
    author={C. Pramerdorfer and M. Kampel},
    year={2016}
}
@article{Zhang,
    title={Learning Social Relation Traits from Face Images},
    author={Z. Zhang, P. Luo, C. C. Loy and X. Tang},
    year={2015}
}

@article{Kim,
    author={B.-K. Kim and S.-Y. Dong and J. Roh G. Kim and S.-Y. Lee}, 
    title={Fusing aligned and non-aligned face information for automatic affect recognition in the wild: A deep learning approach},
    year=2016
}

@article{24,
    author={K. Simonyan and A. Zisserman}, 
    title={Very Deep Convolutional Networks for Large-Scale Image Recognition},
    year=2014
}

@article{13,
    author={C. Szegedy and W. Liu and Y. Jia and P. Sermanet and S. Reed and D. Anguelov and D. Erhan and V. Vanhoucke and and A. Rabinovich}, 
    title={Going Deeper with Convolutions},
    year=2015
}

@article{5,
    author = {K. He and X. Zhang and haoqing Ren and and J. Sun},
    title = {Deep Residual Learning for Image Recognition},
    year = 2015
}

@article{Alpher02,
author = {FirstName Alpher},
title = {Frobnication},
journal = {Journal of Foo},
volume = 12, 
number = 1, 
pages = {234--778}, 
year = 2002
}

@article{Alpher03,
author = {FirstName Alpher and  FirstName Fotheringham-Smythe},
title = {Frobnication revisited},
journal = {Journal of Foo},
volume = 13, 
number = 1, 
pages = {234--778}, 
year = 2003
}

@article{Alpher04,
author = {FirstName Alpher and FirstName Fotheringham-Smythe and FirstName Gamow},
title = {Can a machine frobnicate?},
journal = {Journal of Foo},
volume = 14, 
number = 1, 
pages = {234--778}, 
year = 2004
}
